@misc{NayarFPCV,
  author = {Nayar, Shree K.},
  title = {First Principles of Computer Vision},
  howpublished = {\url{fpcv.cs.columbia.edu}},
  note = {Accessed December 29, 2024. Online lectures available at: \url{https://www.youtube.com/playlist?list=PLuh62QDLMI_vQtj7p9PwYmgx_tnhHY5xj}},
}

@misc{Sanderson2017,
  author = {Sanderson, Grant},
  title = {But what is a Neural Network?},
  year = {2017},
  url = {https://www.3blue1brown.com/lessons/neural-networks},
  note = {Published on 3Blue1Brown},
}